@misc{subject:taa,
  author    = {Calonge Cano, Teodoro and Alonso GonzáLez, Carlos Javier},
  title     = {{Técnicas de Aprendizaje Autómatico}},
  year      = {2016/17},
  publisher = {E.T.S. Ingeniería Informática de la Universidad de valladolid}
}

@misc{github:ismtabo-treetograph,
  author    = {Taboada Rodero, Ismael José},
  title     = {{treetograph}},
  note      = { \url{https://github.com/ismtabo/treetograph}}
}

@misc{github:garciparedes-python-examples,
  author    = {García Prado, Sergio},
  title     = {{Python Examples}},
  note      = {\url{https://github.com/garciparedes/python-examples}},
}

@misc{tool:Weka,
  author    = {{The University of Waikato}},
  title     = {{Weka}},
  note      = {\url{http://www.cs.waikato.ac.nz/ml/weka/}},
}

@misc{dataset:thoracic,
  author    = {{UCI Machine Learning Repository}},
  title     = {{Thoracic Surgery Data Data Set}},
  note      = {\url{http://archive.ics.uci.edu/ml/datasets/Thoracic+Surgery+Data}}
}
